%%% Fluctuation test

@Article{sc:Brown+Durbin+Evans:1975,
  author	= {R. L. Brown and J. Durbin and J. M. Evans},
  title		= {Techniques for Testing the Constancy of Regression
		   Relationships over Time},
  year		= {1975},
  pages		= {149--163},
  journal	= {Journal of the Royal Statistical Society B},
  volume	= {37},
  index		= {Z0001},
  keywords	= {CUSUM, recursive residuals, structural change, strucchange}
}

@Article{sc:Durbin:1971,
  author	= {James Durbin},
  title		= {Boundary-Crossing Probabilities for the {B}rownian Motion and
		   Poisson Process and Techniques for Computing the Power of
		   the {K}olmogorov-{S}mirnov Test},
  year		= {1971},
  pages		= {431--453},
  journal	= {Journal of Applied Probability},
  volume	= {8},
  index		= {Z0002},
  keywords	= {Brownian motion, Kolmogorov-Smirnov, crossing probabilities,
 strucchange}
}

@Article{sc:Kraemer+Ploberger+Alt:1988,
  author	= {Walter Kr{\"a}mer and Werner Ploberger and Raimund Alt},
  title		= {Testing for Structural Change in Dynamic Models},
  index		= {Z0003},
  journal	= {Econometrica},
  year		= {1988},
  volume	= {56},
  number	= {6},
  pages		= {1355--1369},
  keywords	= {CUSUM, dynamic models, structural change, strucchange}
}

@Article{sc:Ploberger+Kraemer:1992,
  author	= {Werner Ploberger and Walter Kr{\"a}mer},
  title		= {The {CUSUM} Test With {OLS} Residuals},
  index		= {Z0004},
  journal	= {Econometrica},
  year		= {1992},
  volume	= {60},
  number	= {2},
  pages		= {271--285},
  keywords	= {CUSUM, OLS residuals, structural change, strucchange}
}

@Article{sc:Ploberger+Kraemer:1996,
  author	= {Werner Ploberger and Walter Kr{\"a}mer},
  title		= {A Trend-Resistant Test for Structural Change Based
   		   on {OLS} Residuals},
  index		= {Z0053},
  journal	= {Journal of Econometrics},
  year		= {1996},
  volume	= {70},
  pages		= {175--185},
  keywords	= {CUSUM, OLS residuals, structural change, trend}
}

@Article{sc:Wang+Poetzelberger:1997,
  author	= {Liqun Wang and Klaus P{\"o}tzelberger},
  title		= {Boundary Crossing Probability for {B}rownian Motion
		   and General Boundaries},
  journal	= {Journal of Applied Probability},
  year		= {1997},
  volume	= {34},
  pages		= {54--65},
  index		= {Z0006},
  keywords	= {Brownian motion, structural change, first passage time}
}

@Article{sc:Poetzelberger+Wang:2001,
  author	= {Klaus P{\"o}tzelberger and Liqun Wang},
  title		= {Boundary Crossing Probability for {B}rownian Motion},
  journal	= {Journal of Applied Probability},
  year		= {2001},
  volume	= {38},
  pages		= {152--164},
  index		= {Z0028},
  keywords	= {Brownian motion, structural change, first passage time}
}

@Article{sc:Kuan+Hornik:1995,
  author	= {Chung-Ming Kuan and Kurt Hornik},
  title		= {The Generalized Fluctuation Test: {A} Unifying View},
  journal	= {Econometric Reviews},
  year		= {1995},
  volume	= {14},
  pages		= {135--161},
  index		= {Z0007},
  keywords	= {CUSUM, MOSUM, Brownian motion, Brownian bridge, fluctuation test,
		   central limit theorem, moving estimate, range test, structural change,
		   strucchange}
}

@Article{sc:Chu+Hornik+Kuan:1995,
  author	= {Chia-Shang James Chu and Kurt Hornik and Chung-Ming Kuan},
  title		= {{MOSUM} Tests for Parameter Constancy},
  journal	= {Biometrika},
  year		= {1995},
  volume	= {82},
  pages		= {603--617},
  index		= {Z0008},
  keywords	= {CUSUM, MOSUM, boundary-crossing probability, Brownian bridge,
		   Brownian motion, structural change, strucchange}
}

@Article{sc:Chu+Hornik+Kuan:1995a,
  author	= {Chia-Shang James Chu and Kurt Hornik and Chung-Ming Kuan},
  title		= {The Moving-Estimates Test for Parameter Stability},
  journal	= {Econometric Theory},
  year		= {1995},
  volume	= {11},
  pages		= {669--720},
  index		= {Z0009},
  keywords	= {boundary-crossing probability, Brownian bridge, fluctuation test,
		   moving estimate, Brownian motion, structural change, strucchange}
}

@Article{sc:Bauer+Hackl:1978,
  author	= {P. Bauer and P. Hackl},
  title		= {The Use of {MOSUMS} for Quality Control},
  journal	= {Technometrics},
  year		= {1978},
  volume	= {20},
  pages		= {431--436},
  keywords	= {MOSUM, boundary-crossing probability, Brownian bridge,
		   Brownian motion, structural change, strucchange}
}

@Article{sc:Hornik:1993,
  author	= {Kurt Hornik},
  title		= {On the Distribution of Functionals of Stationary {G}aussian
                   Processes},
  journal	= {Statistics \& Probability Letters},
  year		= {1993},
  volume	= {18},
  pages		= {389--395},
  index		= {Z0010},
  keywords	= {Brownian motion}
}

@Article{sc:Ploberger+Kraemer:1989,
  author	= {Werner Ploberger and Walter Kr{\"a}mer},
  title		= {The Local Power of the {CUSUM} and {CUSUM} of Squares Test},
  journal	= {Econometric Theory},
  year		= {1990},
  volume	= {6},
  pages		= {335--347},
  index		= {Z0022},
  keywords	= {CUSUM, structural change, power, strucchange}
}

@Article{sc:Ploberger+Kraemer+Kontrus:1989,
  author	= {Werner Ploberger and Walter Kr{\"a}mer and Karl Kontrus},
  title		= {A New Test for Structural Stability in the Linear
  		   Regression Model},
  journal	= {Journal of Econometrics},
  year		= {1989},
  volume	= {40},
  pages		= {307--318},
  index		= {Z0039},
  keywords	= {structural change, fluctuation test, strucchange}
}

@Article{sc:Chu+White:1992,
  author	= {Chia-Shang James Chu and Halbert White},
  title		= {A Direct Test for Changing Trend},
  journal	= {Journal of Business \& Economic Statistics},
  year		= {1992},
  volume	= {10},
  pages		= {289--299},
  index		= {Z0052},
  keywords	= {structural change, fluctuation test, trend}
}

@Article{sc:Kuan+Chen:1994,
  author	= {Chung-Ming Kuan and Mei-Yuan Chen},
  title		= {Implementing the Fluctuation and Moving-Estimates Tests
		   in Dynamic Econometric Models},
  journal	= {Economics Letters},
  year		= {1994},
  volume	= {44},
  pages		= {235--239},
  index		= {Z0017},
  keywords	= {structural change, fluctuation test, moving estimate,
		   dynamic models, strucchange}
}

@Article{sc:Ploberger+Kraemer+Alt:1989,
  author	= {Werner Ploberger and Walter Kr{\"a}mer and Raimund
                   Alt},
  title		= {A Modification of the {CUSUM} Test in the Linear
  		   Regression Model with Lagged Dependent Variables},
  journal	= {empec},
  year		= {1989},
  volume	= {14},
  pages		= {65--76},
  index		= {Z0059},
  keywords	= {structural change, fluctuation test, dynamic models}
}

@Article{sc:Kraemer+Schotman:1992,
  author	= {Walter Kr{\"a}mer and Peter Schotman},
  title		= {Range vs. Maximum in the {OLS}-based Version of the
  		   {CUSUM} Test},
  journal	= {Economics Letters},
  year		= {1992},
  volume	= {40},
  pages		= {379--381},
  index		= {Z0056},
  keywords	= {structural change, fluctuation test, CUSUM}
}

@Article{sc:Ploberger+Kraemer:1987,
  author	= {Werner Ploberger and Walter Kr{\"a}mer},
  title		= {Mean Adjustment and the {CUSUM} Test for Structural Change},
  journal	= {Economics Letters},
  year		= {1987},
  volume	= {25},
  pages		= {255--258},
  index		= {Z0116},
  keywords	= {structural change, fluctuation test, CUSUM}
}

@Article{sc:Luger:2001,
  author	= {Richard Luger},
  title		= {A Modified {CUSUM} Test for Orthogonal Structural
  		   Changes},
  journal	= {Economics Letters},
  year		= {2001},
  volume	= {73},
  pages		= {301--306},
  index		= {Z0057},
  keywords	= {structural change, fluctuation test, CUSUM}
}

@Article{sc:Hao+Inder:1996,
  author	= {Kang Hao and Brett Inder},
  title		= {Diagnostic Test for Structural Change in Cointegrated
  		   Regression Models},
  journal	= {Economics Letters},
  year		= {1996},
  volume	= {50},
  pages		= {179--187},
  index		= {Z0057},
  keywords	= {structural change, fluctuation test, cointegration}
}

@Article{sc:Hjort+Koning:2002,
  author	= {Nils Lid Hjort and Alexander Koning},
  title		= {Tests for Constancy of Model Parameters Over Time},
  journal	= {Nonparametric Statistics},
  year		= {2002},
  volume	= {14},
  pages		= {113--132},
  index		= {Z0115},
  keywords	= {structural change, fluctuation test, maximum likelihood scores}
}

@Article{sc:Sen:1984,
  author	= {P. K. Sen},
  title		= {Recursive {M}-Tests for the Constancy of Multivariate
  		   Regression Relationships Over Time},
  journal	= {Sequential Analysis},
  year		= {1984},
  volume	= {3},
  pages		= {191--211},
  index		= {Z0113},
  keywords	= {structural change, fluctuation test, M-estimation}
}

@Article{sc:Kuan:1998,
  author	= {Chung-Ming Kuan},
  title		= {Tests for Changes in Models With a Polynomial Trend},
  journal	= {Journal of Econometrics},
  year		= {1998},
  volume	= {84},
  pages		= {75--91},
  index		= {Z0079},
  keywords	= {structural change, fluctuation test, polynomial trend}
}



%%% Monitoring

@Article{sc:Leisch+Hornik+Kuan:2000,
  author	= {Friedrich Leisch and Kurt Hornik and Chung-Ming Kuan},
  title		= {Monitoring Structural Changes With the Generalized Fluctuation
		   Test},
  journal	= {Econometric Theory},
  year		= {2000},
  volume	= {16},
  pages		= {835--854},
  index		= {Z0018},
  keywords	= {CUSUM, MOSUM, Brownian motion, Brownian bridge, fluctuation test,
		   central limit theorem, moving estimate, range test, structural change,
		   monitoring, strucchange}
}

@Article{sc:Chu+Stinchcombe+White:1996,
  author       = {Chia-Shang James Chu and Maxwell Stinchcombe and
                  Halbert White},
  title	       = {Monitoring Structural Change},
  journal      = {Econometrica},
  year	       = 1996,
  volume       = {64},
  number       = {5},
  index	       = {Z0040},
  pages	       = {1045--1065},
}

@Article{sc:Carsoule+Franses:2003,
  author       = {Fr{\'e}d{\'e}ric Carsoule and Philip Hans Franses},
  title	       = {A Note on Monitoring Time-Varying Parameters in an Autoregression},
  journal      = {Metrika},
  year	       = 2003,
  volume       = {57},
  pages	       = {51--62},
  index		= {Z0112}
}


%%% score-based fluctuation tests

@Article{sc:Nyblom:1989,
  author	= {Jukka Nyblom},
  title		= {Testing for the Constancy of Parameters Over Time},
  journal	= {Journal of the American Statistical Association},
  year		= {1989},
  volume	= {84},
  pages		= {223--230},
  index		= {Z0058},
  keywords	= {structural change, random coefficients, scores}
}

@Article{sc:Nyblom:1983,
  author	= {Jukka Nyblom and Timo M{\"a}kel{\"a}inen},
  title		= {Comparisons of Tests for the Presence of Random
  		   Walk Coefficients in a Simple Linear Model},
  journal	= {Journal of the American Statistical Association},
  year		= {1983},
  volume	= {78},
  pages		= {856--864},
  index		= {Z0075},
  keywords	= {structural change, random coefficients, scores}
}

@Article{sc:LaMotte+McWhorter:1978,
  author	= {Lynn Roy {LaMotte} and Archer {McWhorter}},
  title		= {An Exact Test for the Presence of Random
  		   Walk Coefficients in a Linear Regression Model},
  journal	= {Journal of the American Statistical Association},
  year		= {1978},
  volume	= {73},
  pages		= {816--820},
  index		= {Z0074},
  keywords	= {structural change, random coefficients, scores}
}

@Article{sc:Hansen+Johansen:1999,
  author	= {Henrik Hansen and S{\o}ren Johansen},
  title		= {Some Tests for Parameter Constancy in Cointegrated {VAR}-Models},
  journal	= {Econometrics Journal},
  year		= {1999},
  volume	= {2},
  pages		= {306--333},
  index		= {Z0111},
  keywords	= {cointegration, eigenvalues, fluctuation test}
}


%%% F tests

@Article{sc:Chow:1960,
  author	= {Gregory C. Chow},
  title		= {Tests of Equality Between Sets of Coefficients in Two
		   Linear Regressions},
  journal	= {Econometrica},
  year		= {1960},
  volume	= {28},
  pages		= {591--605},
  index		= {Z0019},
  keywords	= {structural change, strucchange, F test}
}

@Article{sc:Andrews:1993,
  author	= {Donald W. K. Andrews},
  title		= {Tests for Parameter Instability and Structural Change With
		   Unknown Change Point},
  journal	= {Econometrica},
  year		= {1993},
  volume	= {61},
  pages		= {821--856},
  index		= {Z0020},
  keywords	= {structural change, strucchange, Chow test, F test}
}

@Article{sc:Hansen:1992,
  author	= {Bruce E. Hansen},
  title		= {Tests for Parameter Instability in Regressions With
		   {I(1)} Processes},
  journal	= {Journal of Business \& Economic Statistics},
  year		= {1992},
  volume	= {10},
  pages		= {321--335},
  index		= {Z0025},
  keywords	= {structural change, strucchange, Chow test, F test}
}

@Article{sc:Andrews+Ploberger:1994,
  author	= {Donald W. K. Andrews and Werner Ploberger},
  title		= {Optimal Tests When a Nuisance Parameter is Present Only Under the
                   Alternative},
  journal	= {Econometrica},
  year		= {1994},
  volume	= {62},
  pages		= {1383--1414},
  index		= {Z0021},
  keywords	= {structural change, strucchange, Chow test, F test}
}

@Article{sc:Hansen:1997,
  author	= {Bruce E. Hansen},
  title		= {Approximate Asymptotic {$p$} Values for Structural-Change
		   Tests},
  journal	= {Journal of Business \& Economic Statistics},
  year		= {1997},
  volume	= {15},
  pages		= {60--67},
  index		= {Z0026},
  keywords	= {structural change, F test, Chow test, strucchange}
}

@Article{sc:Hansen:1992a,
  author	= {Bruce E. Hansen},
  title		= {Testing for Parameter Instability in Linear Models},
  journal	= {Journal of Policy Modeling},
  year		= {1992},
  volume	= {14},
  pages		= {517--533},
  index		= {Z0038},
  keywords	= {structural change, F test, strucchange, error correction model}
}


@Article{sc:Hansen:2001,
  author	= {Bruce E. Hansen},
  title		= {The New Econometrics of Structural Change: Dating Breaks in
  		   {U.S.} Labor Productivity},
  journal	= {Journal of Economic Perspectives},
  year		= {2001},
  volume	= {15},
  pages		= {117--128},
  index		= {Z0041},
  keywords	= {structural change, F test, Chow test, strucchange}
}

@Article{sc:Quintos+Phillips:1993,
  author	= {Carmela E. Quintos + Peter C. B. Phillips},
  title		= {Parameter Constancy in Cointegrating Regressions},
  journal	= {Empirical Economics},
  year		= {1993},
  volume	= {18},
  pages		= {675--706},
  index		= {Z0042},
  keywords	= {structural change, F test, cointegration}
}

@Article{sc:Chu:1995,
  author	= {Chia-Shang James Chu},
  title		= {Detecting Parameter Shift in {GARCH} Models},
  journal	= {Econometric Reviews},
  year		= {1995},
  volume	= {14},
  pages		= {241--266},
  index		= {Z0043},
  keywords	= {structural change, GARCH, LM test}
}

@Article{sc:Nicholls+Pagan:1985,
  author	= {D. F. Nicholls and A. R. Pagan},
  title		= {Varying Coefficient Regression},
  journal	= {Handbook of Statistics},
  year		= {1985},
  volume	= {5},
  pages		= {413--449},
  index		= {Z0044},
  keywords	= {structural change, random coefficients}
}

@Article{sc:Vogelsang:1997,
  author	= {Timothy J. Vogelsang},
  title		= {Wald-Type Tests for Detecting Breaks in the Trend
  		   Function of a Dynamic Time Series},
  journal	= {Econometric Theory},
  year		= {1997},
  volume	= {13},
  pages		= {818--849},
  index		= {Z0045},
  keywords	= {structural change, trend, Wald test}
}

@TechReport{sc:Andrews:2002,
  author	= {Donald W. K. Andrews},
  title		= {End-of-Sample Instability Tests},
  institution	= {Cowles Foundation, Yale University},
  year		= {2002},
  index		= {Z0068},
  type		= {unpublished manuscript}
}

@Article{sc:Davies:1977,
  author	= {Robert B. Davies},
  title		= {Hypothesis Testing When a Nuisance Parameter is
  		   Present Only Under the Alternative},
  journal	= {Biometrika},
  year		= {1977},
  volume	= {64},
  number	= {2},
  pages		= {247--254},
  index		= {Z0102}
}

@Article{sc:Davies:1987,
  author	= {Robert B. Davies},
  title		= {Hypothesis Testing When a Nuisance Parameter is
  		   Present Only Under the Alternative},
  journal	= {Biometrika},
  year		= {1987},
  volume	= {74},
  number	= {1},
  pages		= {33--43},
  index		= {Z0103}
}

@Article{sc:Davies:2002,
  author	= {Robert B. Davies},
  title		= {Hypothesis Testing When a Nuisance Parameter is
  		   Present Only Under the Alternative: {L}inear Model Case},
  journal	= {Biometrika},
  year		= {2002},
  volume	= {89},
  number	= {2},
  pages		= {484--489},
  index		= {Z104}
}

%%% Breaks in Variance/Volatility

@Article{sc:Jandhyala+Fotopoulos+Hawkins:2002,
  author	= {Venkata K. Jandhyala and Stergios B. Fotopoulos and
  		   Douglas M. Hawkins},
  title		= {Detection and Estimation of Abrupt Changes in the
  		   Variability of a Process},
  journal	= {Computational Statistics \& Data Analysis},
  year		= {2002},
  volume	= {40},
  pages		= {1--19},
  index		= {Z0066},
  keywords	= {structural change, change point, variance}
}

@Article{sc:Inclan+Tiao:1994,
  author	= {Carla Incl{\'a}n and George C. Tiao},
  title		= {Use of Cumulative Sums of Squares for Retrospective
  		   Detection of Changes of Variance},
  journal	= {Journal of the American Statistical Association},
  year		= {1994},
  volume	= {89},
  number	= {427},
  pages		= {913--923},
  index		= {Z0120}
}

@Article{sc:Andreou+Ghysels:2002,
  author	= {Elena Andreou and Eric Ghysels},
  title		= {Detecting Multiple Breaks in Financial Market
  		   Volatility Dynamics},
  journal	= {Journal of Applied Econometrics},
  year		= {2002},
  volume	= {17},
  pages		= {579--600},
  index		= {Z0121},
}

@Article{sc:Aggarwal+Inclan+Leal:2001,
  author	= {Reena Aggarwal and Carla Incl{\'a}n and Ricardo Leal},
  title		= {Volatility in Emerging Stock Markets},
  journal	= {Journal of Financial and Quantitative Analysis},
  year		= {2001},
  volume	= {34},
  pages		= {33--55},
  index		= {Z0122}
}

@Article{sc:Lee+Park:2001,
  author	= {Sangyeol Lee and Siyun Park},
  title		= {The Cusum of Squares Test for Scale Changes in Infinite
  		   Order Moving Average Processes},
  journal	= {Scandinavian Journal of Statistics},
  year		= {2001},
  volume	= {28},
  number	= {4},
  pages		= {625--644},
  index		= {Z0123}
}

@Article{sc:Chen+Gupta:1997,
  author	= {Jie Chen and A.~K. Gupta},
  title		= {Testing and Locating Variance Changepoints With
  		   Application to Stock Prices},
  journal	= {Journal of the American Statistical Association},
  year		= {1997},
  volume	= {92},
  number	= {438},
  pages		= {739--747},
  index		= {Z0124}
}


%%% Applications


@Article{sc:Zivot+Andrews:1992,
  author	= {Eric Zivot and Donald W. K. Andrews},
  title		= {Further Evidence on the Great Crash, the Oil-Price
		   Shock, and the Unit-Root Hypothesis},
  journal	= {Journal of Business \& Economic Statistics},
  year		= {1992},
  volume	= {10},
  pages		= {251--270},
  index		= {Z0025},
  keywords	= {structural change, oil price}
}

@Article{sc:Stock+Watson:1996,
  author	= {James H. Stock and Mark W. Watson},
  title		= {Evidence on Structural Instability in Macroeconomic Time Series
  		   Relations},
  journal	= {Journal of Business \& Economic Statistics},
  year		= {1996},
  volume	= {14},
  pages		= {11--30},
  index		= {Z0046},
  keywords	= {structural change, F test, strucchange, macroeconomics}
}


@Article{sc:Luetkepohl+Teraesvirta+Wolters:1999,
  author	= {Helmut L{\"u}tkepohl and Timo Ter{\"a}svirta and J{\"u}rgen
		   Wolters},
  title		= {Investigating Stability and Linearity of a {G}erman {M1}
  		   Money Demand Function},
  index		= {Z0037},
  journal	= {Journal of Applied Econometrics},
  year		= {1999},
  volume	= {14},
  pages		= {511--525},
  keywords	= {error correction model, structural change, smooth transistion,
  		   money demand, cointegration}
}

@Article{sc:Hansen+Kim:1995,
  author	= {Gerd Hansen and Jeong-Ryeol Kim},
  title		= {The Stability of {G}erman Money Demand: {T}ests of the
		   Cointegration Relation},
  journal	= {Weltwirtschaftliches Archiv},
  year		= {1995},
  volume	= {131},
  pages		= {286--301},
  index		= {Z0047},
  keywords	= {structural change, F test, money demand, cointegration}
}

@Unpublished{sc:Cooper+Piehl+Braga:2001,
  author	= {Suzanne J. Cooper and Anne Morrison Piehl and Anthony A. Braga
  		   and David M. Kennedy},
  title		= {Testing for Structural Breaks in the Evaluation of Programs},
  year		= {2001},
  note		= {Unpublished Paper, John F. Kennedy School of Government},
  index		= {Z0109},
  url		= {http://www.ksg.harvard.edu/criminaljustice/publications/structural.pdf}
}

@TechReport{sc:Piehl+Cooper+Braga:1999,
  author	= {Suzanne J. Cooper and Anne Morrison Piehl and Anthony A. Braga
  		   and David M. Kennedy},
  title		= {Testing for Structural Breaks in the Evaluation of Programs},
  institution	= {National Bureau of Economic Research},
  type		= {Working Paper},
  year		= {1999},
  number	= {7226},
  month		= {July},
  index		= {Z0110},
  url		= {http://www.nber.org/papers/w7226}
}

@Article{sc:Kennedy+Piehl+Braga:1996,
  author	= {David M. Kennedy and Anne Morrison Piehl and Anthony A. Braga},
  title		= {Youth Violence in {B}oston: {G}un Markets, Serious Youth Offenders,
  		   and a Use-Reduction Strategy},
  journal	= {Law and Contemporary Problems},
  year		= {1996},
  volume	= {59},
  pages		= {147--183}
}


%%% estimating/dating breaks

@TechRep{sc:Altissimo+Corradi:2000,
  author        = {Filippo Altissimo and Valentina Corradi},
  title         = {Strong Rules for Detecting the Number of Breaks in a
                   Time Series},
  url           = {http://ideas.uqam.ca/ideas/data/Papers/ecmwc20000574.html},
  year          = {2000},
  institution	= {Econometric Society World Congress 2000 Contributed Papers},
  number	= {0574},
  index		= {Z0029},
  keywords	= {structural change, CUSUM, F test},
}

@Article{sc:Bai:1994,
  author	= {Jushan Bai},
  title		= {Least Squares Estimation of a Shift in Linear Processes},
  journal	= {Journal of Time Series Analysis},
  year		= {1994},
  volume	= {15},
  pages		= {453--472},
  keywords	= {structural change, change point}
}

@Article{sc:Bai:1995,
  author	= {Jushan Bai},
  title		= {Least Absolute Deviation Estimate of a Shift},
  journal	= {Econometric Theory},
  year		= {1995},
  volume	= {11},
  pages		= {403--436},
  keywords	= {structural change, change point}
}

@Article{sc:Bai:1997,
  author	= {Jushan Bai},
  title		= {Estimating Multiple Breaks One at a Time},
  journal	= {Econometric Theory},
  year		= {1997},
  volume	= {13},
  pages		= {315--352},
  index		= {Z0048},
  keywords	= {structural change, change point}
}

@Article{sc:Bai:1997a,
  author	= {Jushan Bai},
  title		= {Estimation of a Change Point in Multiple Regression Models},
  journal	= {Review of Economics and Statistics},
  year		= {1997},
  volume	= {79},
  pages		= {551--563},
  index		= {Z0051},
  keywords	= {structural change, change point}
}

@Article{sc:Bai+Perron:1998,
  author	= {Jushan Bai and Pierre Perron},
  title		= {Estimating and Testing Linear Models With Multiple Structural
		   Changes},
  journal	= {Econometrica},
  year		= {1998},
  volume	= {66},
  pages		= {47--78},
  index		= {Z0049},
  keywords	= {structural change, change point}
}

@Article{sc:Bai+Lumsdaine+Stock:1998,
  author	= {Jushan Bai and Robin L. Lumsdaine and James H. Stock},
  title		= {Testing For and Dating Common Breaks in Multivariate
  		   Time Series},
  journal	= {Review of Economic Studies},
  year		= {1998},
  volume	= {65},
  pages		= {395--432},
  index		= {Z0050},
  keywords	= {structural change, change point}
}

@Article{sc:Bai+Perron:2003,
  author	= {Jushan Bai and Pierre Perron},
  title		= {Computation and Analysis of Multiple Structural Change
  		   Models},
  journal	= {Journal of Applied Econometrics},
  year		= {2003},
  volume	= {18},
  pages		= {1--22},
  index		= {Z0060},
  keywords	= {structural change, change point}
}

@Unpublished{sc:Bai+Perron:2001,
  author	= {Jushan Bai and Pierre Perron},
  title		= {Multiple Structural Change Models:
  		   A Simulation Analysis},
  note		= {Unpublished Manuscript, Boston University},
  year		= {2001},
  index		= {Z0061},
  keywords	= {structural change, change point}
}

@Article{sc:Chong:1995,
  author	= {Terence Tai-Leung Chong},
  title		= {Partial Parameter Consistency in a Misspecified
  		   Structural Change Model},
  journal	= {Economics Letters},
  year		= {1995},
  volume	= {49},
  pages		= {351--357},
  index		= {Z0054},
  keywords	= {structural change, change point}
}

@Article{sc:Sullivan:2002,
  author	= {Joe H. Sullivan},
  title		= {Estimating the Locations of Multiple Change
  		   Points in the Mean},
  journal	= {Computational Statistics},
  year		= {2002},
  volume	= {17},
  pages		= {289--296},
  index		= {Z0062},
  keywords	= {structural change, change point}
}

@Article{sc:Hawkins:2001,
  author	= {Douglas M. Hawkins},
  title		= {Fitting Multiple Change-Point Models to Data},
  journal	= {Computational Statistics \& Data Analysis},
  year		= {2001},
  volume	= {37},
  pages		= {323--341},
  index		= {Z0064},
  keywords	= {structural change, change point}
}

@Article{sc:Jandhyala+Fotopoulos:2001,
  author	= {Venkata K. Jandhyala and Stergios B. Fotopoulos},
  title		= {Rate of Convergence of the Maximum Likelihood
  		   Estimate of a Change-Point},
  journal	= {Sankhy{\bar a}},
  year		= {2001},
  volume	= {63},
  pages		= {277--285},
  index		= {Z0065},
  keywords	= {structural change, change point}
}

@Article{sc:Hawkins:1976,
  author	= {Douglas M. Hawkins},
  title		= {Point Estimation of the Parameters of a Piecewise
  		   Regression Model},
  journal	= {Applied Statistics},
  year		= {1976},
  volume	= {25},
  pages		= {51--57},
  keywords	= {structural change, change point}
}

@Article{sc:Bhattacharya:1987,
  author	= {P. K. Bhattacharya},
  title		= {Maximum Likelihood Estimation of a Change-Point in the
  		   Distribution of Independent Variables: {G}eneral
		   Multiparameter Case},
  journal	= {Journal of Multivariate Analysis},
  year		= {1987},
  volume	= {23},
  pages		= {183--208},
  index		= {Z0063},
  keywords	= {structural change, change point, dating}
}

@Article{sc:Lavielle+Moulines:2000,
  author	= {Marc Lavielle and Eric Moulines},
  title		= {Least-Squares Estimation of an Unknown Number of Shifts
  		   in a Time Series},
  journal	= {Journal of Time Series Analysis},
  year		= {2000},
  volume	= {21},
  number	= {1},
  pages		= {33--59},
  index		= {Z0126}
}


%%% changepoints, cutpoints, Biometrics

@Article{sc:Kianifard+Swallow:1989,
  author	= {Farid Kianifard and William H. Swallow},
  title		= {Using Recursive Residuals, Calculated on
  		   Adaptively-Ordered Observations, to Identify Outliers
		   in Linear Regression},
  journal	= {Biometrics},
  year		= {1989},
  volume	= {45},
  pages		= {571--585},
  index		= {Z0125}
}

@Article{sc:Stasinopoulos+Rigby:1992,
  author	= {D. M. Stasinopoulos and R. A. Rigby},
  title		= {Detecting Break Points in Generalised Linear Models},
  journal	= {Computational Statistics \& Data Analysis},
  volume	= {13},
  year		= {1992},
  pages		= {461--471},
  index		= {Z0101}
}

@InCollection{sc:Rigby+Stasinopoulos:1992,
  author	= {D. M. Stasinopoulos and R. A. Rigby},
  title		= {Detecting Break Points in the Hazard Function in Survival Analysis},
  booktitle	= {Statistical Modelling},
  editor	= {B. Francis and G.~U.~H. Seeber and P.~G.~M. van der Heyden and W. Jansen},
  publisher	= {Elsevier Science Publishers B.V.},
  year		= {1992},
  pages		= {303--312},
  index		= {Z0100}
}

@Article{sc:Lausen+Schumacher:1992,
  author	= {Berthold Lausen and Martin Schumacher},
  title		= {Maximally Selected Rank Statistics},
  journal	= {Biometrics},
  volume	= {48},
  year		= {1992},
  pages		= {73--85}
}

@Article{sc:Hothorn+Lausen:2003,
  author	= {Torsten Hothorn and Berthold Lausen},
  title		= {On the Exact Distribution of Maximally Selected Rank Statistics},
  journal	= {Computational Statistics \& Data Analysis},
  volume	= {43},
  year		= {2003},
  pages		= {121--137},
  index		= {Z0106}
}

@Article{sc:Pastor-Barriuso+Guallar+Coresh:2003,
  author	= {Roberto Pastor-Barriuso and Eliseo Guallar and Josef Coresh},
  title		= {Transition Models for Change-Point Estimation in Logistic Regression},
  journal	= {Statistics in Medicine},
  volume	= {22},
  year		= {2003},
  pages		= {1141--1162},
  index		= {Z0105}
}

@Article{sc:Taylor+Tait+Porter:2002,
  author	= {A.~L. Taylor and S.~P. Tait and M.~A. Porter and M.~J. Perry
  		   and R.~W. Nicolson},
  title		= {Automatic Breakpoint Detection for Retrospective Cumulative Sum Charts},
  journal	= {Pharmaceutical Statistics},
  year		= {2002},
  volume	= {1},
  pages		= {25--34},
  index		= {Z0118}
}

@InCollection{sc:Freidlin+Gastwirth:1998,
  author	= {Boris Freidlin and Joseph L. Gastwirth},
  title		= {The Application of Change Point Tests to Data Occurring in Fair
  		   Hiring Cases},
  booktitle	= {Asymptotic Methods in Probability and Statistics},
  editor	= {B. Szyszkowicz},
  year		= {1998},
  publisher	= {Elsevier Science B.V.},
  index		= {Z0127}
}

@Article{sc:Freidlin+Gastwirth:2000,
  author	= {Boris Freidlin and Joseph L. Gastwirth},
  title		= {Changepoint Tests Designed for the Analysis of Hiring
  		   Data Arising in Employment Discrimination Cases},
  journal	= {Journal of Business \& Economic Statistics},
  year		= {2000},
  volume	= {18},
  number	= {3},
  pages		= {315--322},
  index		= {Z0128}
}

@Article{sc:Loader:1996,
  author	= {Clive R. Loader},
  title		= {Change Point Estimation Using Nonparametric Regression},
  journal	= {The Annals of Statistics},
  year		= {1996},
  volume	= {24},
  pages		= {1667--1678},
  index		= {Z0129}
}





%%% Quality control, sequential analysis, statistical process control

@Book{sc:Siegmund:1985,
  author	= {David Siegmund},
  title		= {Sequential Analysis},
  publisher	= {Springer},
  address	= {New York},
  year		= {1985}
}

@Book{sc:Basseville+Benveniste:1986,
  author	= {Mich{\`e}le Basseville and Albert Benveniste},
  title		= {Detection of Abrupt Changes in Signals and Dynamical Systems},
  series	= {Lecture Notes in Control and Information Sciences},
  volume	= {77},
  publisher	= {Springer},
  address	= {New York},
  year		= {1986}
}

@Book{sc:Basseville+Nikiforov:1993,
  author	= {Mich{\`e}le Basseville and Igor V. Nikiforov},
  title		= {Detection of Abrupt Changes: Theory and Application},
  publisher	= {Prentice-Hall},
  address	= {Englewood Cliffs, NJ},
  year		= {1993}
}



%%% misc


@TechReport{sc:Kraemer+Sibbertsen:2000,
  author	= {Walter Kr{\"a}mer and Philipp Sibbertsen},
  title		= {Testing for Structural Change in the Presence
                   of Long Memory},
  institution	= {SFB 475 ``Reduction of Complexity for
                   Multivariate Data Structures''},
  year		= {2000},
  type		= {Technical Report},
  number	= {31},
  month	        = {June},
  keywords	= {structural change, CUSUM, fluctuation test,
                   long memory},
  index		= {Z0030},
  url		= {http://www.statistik.uni-dortmund.de/sfb475/tr31-00.ps}
}

@TechReport{sc:Sibbertsen:2001,
  author	= {Philipp Sibbertsen},
  title		= {Long-Memory versus Structural Breaks: An Overview},
  institution	= {SFB 475 ``Reduction of Complexity for
                   Multivariate Data Structures''},
  year		= {2001},
  type		= {Technical Report},
  number	= {28},
  month	        = {June},
  keywords	= {structural change, long memory, trends},
  index		= {Z0031},
  url		= {http://www.sfb475.uni-dortmund.de/berichte/tr28-01.ps}
}

@TechReport{sc:Sibbertsen:2000,
  author	= {Philipp Sibbertsen},
  title		= {Robust {CUSUM-M} Test in the Presence of Long-Memory Disturbances},
  institution	= {SFB 475 ``Reduction of Complexity for
                   Multivariate Data Structures''},
  year		= {2000},
  type		= {Technical Report},
  number	= {28},
  month	        = {March},
  index		= {Z0114},
  keywords	= {structural change, long memory, robust, M-estimation},
  url		= {http://www.sfb475.uni-dortmund.de/berichte/tr19-00.ps}
}

@TechRep{sc:Sibbertsen:2001a,
  author	= {Philipp Sibbertsen},
  title		= {Log-Periodogram Estimation of the Memory Parameter
                   of a Long-Memory Process Under Trend},
  institution	= {SFB 475 ``Reduction of Complexity for
                   Multivariate Data Structures''},
  year		= {2001},
  type		= {Technical Report},
  number	= {unpublished},
  keywords	= {structural change, long memory, trends, log-periodogram
                   regression},
  index		= {Z0032},
  url		= {http://www.statistik.uni-dortmund.de/sfb475/tr28-00.ps}
}

@Article{sc:Box+Tiao:1975,
  author	= {G. E. P. Box and G. C. Tiao},
  title		= {Intervention Analysis With Applications to Economic
                   and Environmental Problems},
  index		= {Z0027},
  journal	= {Journal of the American Statistical Association},
  year		= {1975},
  volume	= {70},
  pages		= {70--79},
  keywords	= {intervention analysis, F test}
}

@Book{sc:Kraemer+Sonnberger:1986,
  author        = {W. Kr\"amer and H. Sonnberger},
  title         = {The Linear Regression Model Under Test},
  publisher     = {Physica-Verlag},
  address       = {Heidelberg},
  year          = {1986}
}

@InCollection{sc:Hackl+Westlund:1989,
  author	= {Peter Hackl and Anders H. Westlund},
  title		= {Statistical Analysis of ``Structural Change'':
                   An Annotated Bibliography},
  booktitle	= {Econometrics of Structural Change},
  editor 	= {Walter Kr\"amer},
  publisher     = {Physica-Verlag},
  address       = {Heidelberg},
  year		= {1989},
  pages		= {103--128}
}

@Article{sc:Gardner:1969,
  author	= {L. A. Gardner},
  title		= {On Detecting Changes in the Mean of Normal Variates},
  journal	= {The Annals of Mathematical Statistics},
  year		= {1969},
  volume	= {40},
  index		= {Z0067},
  pages		= {116--26}
}

@Book{sc:Breiman+Friedman+Olshen:1984,
  author	= {Leo Breiman and Jerome H. Friedman and
  		   Richard A. Olshen and Charles J. Stone},
  title		= {Classification and Regression Trees},
  publisher	= {Wadsworth},
  address	= {Belmont},
  year		= {1984}
}


%%% own papers


@Article{sc:Zeileis:2002,
  author	= {Achim Zeileis},
  title		= {Alternative Boundaries for {CUSUM} Tests},
  year		= {2002},
  journal	= {Statistical Papers},
  keywords	= {CUSUM, structural change, strucchange},
  note		= {forthcoming}
}

@Article{sc:Zeileis+Leisch+Hornik:2002,
  author	= {Achim Zeileis and Friedrich Leisch and Kurt Hornik and
                   Christian Kleiber},
  title		= {\texttt{strucchange}: {A}n \textsf{R} Package for Testing
                   for Structural Change in Linear Regression Models},
  journal      = {Journal of Statistical Software},
  year         = 2002,
  volume       = 7,
  number       = 2,
  pages        = {1--38},
  keywords	= {structural change, strucchange, CUSUM, MOSUM
                   fluctuation test, Chow test, F test, monitoring,
                   moving estimate},
  url		= {http://www.jstatsoft.org/v07/i02/}
}

@Article{sc:Zeileis:2001,
  author       = {Achim Zeileis},
  title        = {\texttt{strucchange}: {T}esting for Structural Change in
  		  Linear Regression Relationships},
  journal      = {R News},
  year         = 2001,
  volume       = 1,
  number       = 3,
  pages        = {8--11},
  month        = {September},
  url          = {http://cran.R-project.org/doc/Rnews/},
}

@TechReport{sc:Zeileis+Leisch+Hornik:2001,
  author	= {Achim Zeileis and Friedrich Leisch and Kurt Hornik and
                   Christian Kleiber},
  title		= {\texttt{strucchange}: {A}n \textsf{R} Package for Testing
                   for Structural Change in Linear Regression Models},
  institution	= {SFB ``Adaptive Information Systems and Modelling in
                  Economics and Management Science''},
  year		= {2001},
  type		= {Report},
  number	= {55},
  month	        = {May},
  keywords	= {structural change, strucchange, CUSUM, MOSUM
                   fluctuation test, Chow test, F test, monitoring,
                   moving estimate},
  url		= {http://www.wu-wien.ac.at/am/reports.htm#55}
}

@TechReport{sc:Zeileis:2000a,
  author	= {Achim Zeileis},
  title		= {{$p$} Values and Alternative Boundaries for {CUSUM} tests},
  institution	= {SFB ``Adaptive Information Systems and Modelling in
                  Economics and Management Science''},
  year		= {2000},
  type		= {Working Paper},
  number	= {78},
  month	        = {December},
  index		= {Z0011},
  keywords	= {CUSUM, structural change, strucchange},
  url		= {http://www.wu-wien.ac.at/am/wp00.htm#78}
}

@MastersThesis{sc:Zeileis:2000,
  author       = {Achim Zeileis},
  title	       = {{$p$}-{W}erte und alternative {S}chranken von {CUSUM-Tests}},
  school       = {Fachbereich Statistik, Universit{\"a}t Dortmund},
  year	       = {2000},
  note	       = {In German},
  url          = {http://www.ci.tuwien.ac.at/~zeileis/papers/Zeileis:2000.pdf}
}


