%%%%%%%%%%%%%%%%%%%%%%%%%
%%% structural change %%%
%%%%%%%%%%%%%%%%%%%%%%%%%

%%% fluctuation test

@Article{Z:Brown+Durbin+Evans:1975,
  author	= {R. L. Brown and J. Durbin and J. M. Evans},
  title		= {Techniques for Testing the Constancy of Regression
		   Relationships over Time},
  year		= {1975},
  pages		= {149--163},
  journal	= {Journal of the Royal Statistical Society B},
  volume	= {37},
  index		= {Z0001},
  keywords	= {CUSUM, recursive residuals, structural change, strucchange}
}

@Article{Z:Kraemer+Ploberger+Alt:1988,
  author	= {Walter Kr{\"a}mer and Werner Ploberger and Raimund
                   Alt},
  title		= {Testing for structural change in dynamic models},
  index		= {Z0003},
  journal	= {Econometrica},
  year		= {1988},
  volume	= {56},
  number	= {6},
  pages		= {1355--1369},
  keywords	= {CUSUM, dynamic models, structural change, strucchange}
}

@Article{Z:Ploberger+Kraemer:1992,
  author	= {Werner Ploberger and Walter Kr{\"a}mer},
  title		= {The {CUSUM} test with {OLS} residuals},
  index		= {Z0004},
  journal	= {Econometrica},
  year		= {1992},
  volume	= {60},
  number	= {2},
  pages		= {271--285},
  keywords	= {CUSUM, OLS residuals, structural change, strucchange}
}

@Article{Z:Wang+Poetzelberger:1997,
  author	= {Liqun Wang and Klaus P{\"o}tzelberger},
  title		= {Boundary crossing probability for {B}rownian motion
		   and general boundaries},
  journal	= {Journal of Applied Probability},
  year		= {1997},
  volume	= {34},
  pages		= {54--65},
  index		= {Z0006},
  keywords	= {Brownian motion, structural change, first passage time}
}

@Article{Z:Wang+Poetzelberger:2001,
  author	= {Klaus P{\"o}tzelberger and Liqun Wang},
  title		= {Boundary crossing probability for {B}rownian motion},
  journal	= {Journal of Applied Probability},
  year		= {2001},
  volume	= {38},
  pages		= {152--164},
  index		= {Z0028},
  keywords	= {Brownian motion, structural change, first passage time}
}

@Article{Z:Kuan+Hornik:1995,
  author	= {Chung-Ming Kuan and Kurt Hornik},
  title		= {The Generalized Fluctuation Test: {A} Unifying View},
  journal	= {Econometric Reviews},
  year		= {1995},
  volume	= {14},
  pages		= {135--161},
  index		= {Z0007},
  keywords	= {CUSUM, MOSUM, Brownian motion, Brownian bridge, fluctuation test,
		   central limit theorem, moving estimate, range test, structural change,
		   strucchange}
}

@Article{Z:Chu+Hornik+Kuan:1995,
  author	= {Chia-Shang James Chu and Kurt Hornik and Chung-Ming Kuan},
  title		= {{MOSUM} Tests for Parameter Constancy},
  journal	= {Biometrika},
  year		= {1995},
  volume	= {82},
  pages		= {603--617},
  index		= {Z0008},
  keywords	= {CUSUM, MOSUM, boundary-crossing probability, Brownian bridge,
		   Brownian motion, structural change, strucchange}
}

@Article{Z:Chu+Hornik+Kuan:1995a,
  author	= {Chia-Shang James Chu and Kurt Hornik and Chung-Ming Kuan},
  title		= {The Moving-Estimates Test for Parameter Stability},
  journal	= {Econometric Theory},
  year		= {1995},
  volume	= {11},
  pages		= {669--720},
  index		= {Z0009},
  keywords	= {boundary-crossing probability, Brownian bridge, fluctuation test,
		   moving estimate, Brownian motion, structural change, strucchange}
}

@Article{Z:Ploberger+Kraemer:1989,
  author	= {Werner Ploberger and Walter Kr{\"a}mer},
  title		= {The local power of the {CUSUM} and {CUSUM} of squares test},
  journal	= {Econometric Theory},
  year		= {1990},
  volume	= {6},
  pages		= {335--347},
  index		= {Z0022},
  keywords	= {CUSUM, structural change, power, strucchange}
}

@Article{Z:Ploberger+Kraemer+Kontrus:1989,
  author	= {Werner Ploberger and Walter Kr{\"a}mer and Karl Kontrus},
  title		= {A new test for structural stability in the linear
  		   regression model},
  journal	= {Journal of Econometrics},
  year		= {1989},
  volume	= {40},
  pages		= {307--318},
  keywords	= {structural change, fluctuation test, strucchange}
}

@Article{Z:Kuan+Chen:1994,
  author	= {Chung-Ming Kuan and Mei-Yuan Chen},
  title		= {Implementing the fluctuation and moving-estimates tests
		   in dynamic econometric models},
  journal	= {Economics Letters},
  year		= {1994},
  volume	= {44},
  pages		= {235--239},
  index		= {Z0017},
  keywords	= {structural change, fluctuation test, moving estimate,
		   dynamic models, strucchange}
}


%%% Monitoring

@Article{Z:Leisch+Hornik+Kuan:2000,
  author	= {Friedrich Leisch and Kurt Hornik and Chung-Ming Kuan},
  title		= {Monitoring Structural Changes with the Generalized Fluctuation
 Test},
  journal	= {Econometric Theory},
  year		= {2000},
  volume	= {16},
  pages		= {835--854},
  index		= {Z0018},
  keywords	= {CUSUM, MOSUM, Brownian motion, Brownian bridge, fluctuation test,
		   central limit theorem, moving estimate, range test, structural change,
		   monitoring, strucchange}
}

@Article{Z:Chu+Stinchcombe+White:1996,
  author       = {Chia-Shang James Chu and Maxwell Stinchcombe and
                  Halbert White},
  title	       = {Monitoring Structural Change},
  journal      = {Econometrica},
  year	       = 1996,
  volume       = {64},
  number       = {5},
  pages	       = {1045--1065},
}

%%% F tests

@Article{Z:Chow:1960,
  author	= {Gregory C. Chow},
  title		= {Tests of Equality Between Sets of Coefficients in Two
		   Linear Regressions},
  journal	= {Econometrica},
  year		= {1960},
  volume	= {28},
  pages		= {591--605},
  index		= {Z0019},
  keywords	= {structural change, strucchange, F test}
}

@Article{Z:Andrews:1993,
  author	= {Donald W. K. Andrews},
  title		= {Tests for parameter instability and structural change with
		   unknown change point},
  journal	= {Econometrica},
  year		= {1993},
  volume	= {61},
  pages		= {821--856},
  index		= {Z0020},
  keywords	= {structural change, strucchange, Chow test, F test}
}

@Article{Z:Hansen:1992,
  author	= {Bruce E. Hansen},
  title		= {Tests for parameter instability in regressions with
		   {I(1)} processes},
  journal	= {Journal of Business \& Economic Statistics},
  year		= {1992},
  volume	= {10},
  pages		= {321--335},
  index		= {Z0025},
  keywords	= {structural change, strucchange, Chow test, F test}
}

@Article{Z:Andrews+Ploberger:1994,
  author	= {Donald W. K. Andrews and Werner Ploberger},
  title		= {Optimal tests when a nuisance parameter is present only under the
                   alternative},
  journal	= {Econometrica},
  year		= {1994},
  volume	= {62},
  pages		= {1383--1414},
  index		= {Z0021},
  keywords	= {structural change, strucchange, Chow test, F test}
}

@Article{Z:Hansen:1997,
  author	= {Bruce E. Hansen},
  title		= {Approximate Asymptotic {$p$} Values for Structural-Change
		   Tests},
  journal	= {Journal of Business \& Economic Statistics},
  year		= {1997},
  volume	= {15},
  pages		= {60--67},
  index		= {Z0026},
  keywords	= {structural change, F test, Chow test, strucchange}
}

@TechRep{Z:Altissimo+Corradi:2000,
  author        = {Filippo Altissimo and Valentina Corradi},
  title         = {Strong Rules for Detecting the Number of Breaks in a
                   Time Series},
  url           = {http://ideas.uqam.ca/ideas/data/Papers/ecmwc20000574.html},
  year          = {2000},
  institution	= {Econometric Society World Congress 2000 Contributed Papers},
  number	= {0574},
  index		= {Z0029},
  keywords	= {structural change, CUSUM, F test},
}

@Article{Z:Hansen:2001,
  author	= {Bruce E. Hansen},
  title		= {The new econometrics of structural change: dating breaks in
  		   {U.S.} labor productivity},
  journal	= {Journal of Economic Perspectives},
  year		= {2001},
  volume	= {15},
  pages		= {117--128},
  keywords	= {structural change, F test, Chow test, strucchange}
}



%%% Application


@Article{Z:Stock+Watson:1996,
  author	= {James H. Stock and Mark W. Watson},
  title		= {Evidence on Structural Instability in Macroeconomic Time Series
  		   Relations},
  journal	= {Journal of Business \& Economic Statistics},
  year		= {1996},
  volume	= {14},
  pages		= {11--30},
  keywords	= {structural change, F test, strucchange, macroeconomics}
}


@Article{Z:Luetkepohl+Teraesvirta+Wolters:1999,
  author	= {Helmut L{\"u}tkepohl and Timo Ter{\"a}svirta and J{\"u}rgen
		   Wolters},
  title		= {Investigating Stability and Linearity of a {G}erman {M1}
  		   Money Demand Function},
  index		= {Z0037},
  journal	= {Journal of Applied Econometrics},
  year		= {1999},
  volume	= {14},
  pages		= {511--525},
  keywords	= {error correction model, structural change, smooth transistion}
}

@TechReport{Z:Fair:2002,
  author	= {Ray C. Fair},
  title		= {Testing for a New Economy in the 1990s},
  institution	= {Cowles Foundation, Yale University},
  year		= {2002},
  index		= {Z0069},
  type		= {unpublished manuscript}
}


%%% stochastic processes

@Article{Z:Hornik:1993,
  author	= {Kurt Hornik},
  title		= {On the Distribution of Functionals of Stationary {G}aussian
                   Processes},
  journal	= {Statistics \& Probability Letters},
  year		= {1993},
  volume	= {18},
  pages		= {389--395},
  index		= {Z0010},
  keywords	= {Brownian motion}
}

@Article{Z:Durbin:1971,
  author	= {James Durbin},
  title		= {Boundary-Crossing Probabilities for the {B}rownian Motion and
		   Poisson Process and Techniques For Computing The Power of
		   the {K}olmogorov-{S}mirnov Test},
  year		= {1971},
  pages		= {431--453},
  journal	= {Journal of Applied Probability},
  volume	= {8},
  index		= {Z0002},
  keywords	= {Brownian motion, Kolmogorov-Smirnov, crossing probabilities}
}

@Book{Z:Billingsley:1999,
  author        = {Patrick Billingsley},
  title         = {Convergence of Probability Measures},
  publisher     = {Wiley},
  edition       = {2nd},
  address       = {New York},
  year          = {1999}
}

@Article{Z:McLeish:1974,
  author	= {D. L. {McLeish}},
  title		= {Dependent Central Limit Theorems and Invariance Principles},
  year		= {1974},
  pages		= {620--628},
  journal	= {The Annals of Probability},
  volume	= {2},
  index		= {Z0072},
  keywords	= {Brownian motion, martingales}
}



%%%%%%%%%%%%%%%%%%%%%%%%%
%%% permutation tests %%%
%%%%%%%%%%%%%%%%%%%%%%%%%


@Article{Z:Boyett:1979,
  author	= {James M. Boyett},
  title		= {Random {$R \times C$} Tables with Given Row and Column Totals},
  journal	= {Applied Statistics},
  volume	= {28},
  year		= {1979},
  pages		= {329--332},
  note		= {Algorithm AS 144},
  index		= {Z0012},
  keywords	= {two-way contingency tables, permutation test, exact test}
}

@Article{Z:Patefield:1981,
  author	= {W. M. Patefield},
  title 	= {An Efficient Method of Generating Random {$R \times C$} Tables
		   with Given Row and Column Totals},
  journal	= {Applied Statistics},
  volume	= {30},
  year		= {1981},
  pages		= {91--97},
  note		= {Algorithm AS 159},
  index		= {Z0013},
  keywords	= {two-way contingency tables, permutation test, exact test}
}

@Article{Z:Mehta+Patel:1980,
  author	= {Cyrus R. Mehta and Nitin R. Patel},
  title		= {A Network Algorithm for the Exact Treatment of
		   the $2 \times k$ Contigency Table},
  journal	= {Communications in Statistics},
  volume	= {B 9},
  year		= {1980},
  pages		= {649--664},
  index		= {Z0023},
  keywords	= {Fisher's exact test, two-way contingency tables,
		   network algorithm, permutation test}
}

@Article{Z:Mehta+Patel:1983,
  author	= {Cyrus R. Mehta and Nitin R. Patel},
  title		= {A Network Algorithm for Performing Fisher's Exact Test
		   in $r \times c$ Contigency Tables},
  journal	= {Journal of the American Statistical Association},
  volume	= {78},
  year		= {1983},
  pages		= {427--434},
  index		= {Z0014},
  keywords	= {Fisher's exact test, two-way contingency tables, conditional
		   reference set, network algorithm, permutation test}
}

@Article{Z:Mehta+Patel:1985,
  author	= {Cyrus R. Mehta and Nitin R. Patel},
  title		= {A Network Algorithm for Performing Fisher's Exact Test in
		   in $r \times c$ Contigency Tables},
  journal	= {Journal of the American Statistical Association},
  volume	= {80},
  year		= {1985},
  pages		= {969--973},
  index		= {Z0015},
  keywords	= {two-way contingency tables, conditional
		   reference set, network algorithm, permutation test}
}

@Article{Z:Pagano+Halvorsen:1981,
  author	= {Marcello Pagano and Katherine Taylor Halvorsen},
  title		= {An Algorithm for Finding the Exact Significance Levels
		   of $r \times c$ Contingency Tables},
  journal	= {Journal of the American Statistical Association},
  volume	= {76},
  year		= {1981},
  pages		= {931--934},
  index		= {Z0016},
  keywords	= {two-way contingency tables, exact test, permutation test}
}

@TechReport{Z:Bunea+Besag:2000,
  author	= {Florentina Bunea and Julian Besag},
  title		= {{MCMC} in $I \times J \times K$ contingency tables},
  institution	= {Fields Institute Communications},
  year		= {2000},
  type		= {Technical Report},
  number	= {26},
  index		= {Z0024},
  keywords	= {contingency tables, MCMC, exact test},
}



%%%%%%%%%%%%%
%%% misc %%%%
%%%%%%%%%%%%%


@TechReport{Z:Kraemer+Sibbertsen:2000,
  author	= {Walter Kr{\"a}mer and Philipp Sibbertsen},
  title		= {Testing for structural change in the presence
                   of long memory},
  institution	= {SFB 475 ``Reduction of Complexity for
                   Multivariate Data Structures''},
  year		= {2000},
  type		= {Technical Report},
  number	= {31},
  month	        = {June},
  keywords	= {structural change, CUSUM, fluctuation test,
                   long memory},
  index		= {Z0030},
  url		= {http://www.statistik.uni-dortmund.de/sfb475/tr31-00.ps}
}

@TechReport{Z:Sibbertsen:2001,
  author	= {Philipp Sibbertsen},
  title		= {Long-Memory versus Structural Breaks: An overview},
  institution	= {SFB 475 ``Reduction of Complexity for
                   Multivariate Data Structures''},
  year		= {2001},
  type		= {Technical Report},
  number	= {28},
  month	        = {June},
  keywords	= {structural change, long memory, trends},
  index		= {Z0031},
  url		= {http://www.statistik.uni-dortmund.de/sfb475/tr28-00.ps}
}

@TechRep{Z:Sibbertsen:2001a,
  author	= {Philipp Sibbertsen},
  title		= {Log-Periodogram estimation of the memory parameter
                   of a long-memory process under trend},
  institution	= {SFB 475 ``Reduction of Complexity for
                   Multivariate Data Structures''},
  year		= {2001},
  type		= {Technical Report},
  number	= {unpublished},
  keywords	= {structural change, long memory, trends, log-periodogram
                   regression},
  index		= {Z0032},
  url		= {http://www.statistik.uni-dortmund.de/sfb475/tr28-00.ps}
}

@Article{Z:Sackrowitz+Samuel-Cahn:1999,
  author	= {Harold Sackrowitz and Ester Samuel-Cahn},
  title		= {$P$ Values as Random Variables -- Expected $P$ Values},
  index		= {Z0005},
  journal	= {The American Statistician},
  year		= {1999},
  volume	= {53},
  number	= {4},
  pages		= {326--331},
  keywords	= {comparison of tests, expected p values, power, random p value}
}

@Article{Z:Box+Tiao:1975,
  author	= {G. E. P. Box and G. C. Tiao},
  title		= {Intervention Analysis with Applications to Economic
                   and Environmental Problems},
  index		= {Z0027},
  journal	= {Journal of the American Statistical Association},
  year		= {1975},
  volume	= {70},
  pages		= {70--79},
  keywords	= {intervention analysis, F test}
}

@Article{Z:Harvey+Durbin:1986,
  author	= {A. C. Harvey and J. Durbin},
  title		= {The Effects of Seat Belt Legislation on British
  		   Road Casualties: {A} Case Study in Structural Time
		   Series Modelling (with Discussion)},
  year		= {1986},
  pages		= {187--227},
  journal	= {Journal of the Royal Statistical Society A},
  index		= {Z0077},
  volume	= {149}
}

@Article{Z:Balke:1993,
  author	= {N. S. Balke},
  title		= {Detecting Level Shifts in Time Series},
  year		= {1993},
  pages		= {81--92},
  journal	= {Journal of Business and Economic Statistics},
  index		= {Z0078},
  volume	= {11}
}

@Article{Z:Cobb:1978,
  author	= {G. W. Cobb},
  title		= {The Problem of the Nile: {C}onditional Solution to
  		   a Change-Point Problem},
  year		= {1978},
  pages		= {243--251},
  journal	= {Biometrika},
  index		= {Z0076},
  volume	= {65}
}

@Article{Z:Kraemer:1999,
  author	= {Walter Kr{\"a}mer},
  title		= {Kointegration von {A}ktienkursen},
  index		= {Z0033},
  journal	= {Zeitschrift f{\"u}r betriebswirtschaftliche Forschung},
  year		= {1999},
  volume	= {10},
  pages		= {915--936},
}

@Article{Z:Messer+White:1984,
  author	= {Karen Messer and Halbert White},
  title		= {A Note on Computing the heteroskedasticity consistent
                   covariance matrix using instrumental variable techniques},
  index		= {Z0035},
  journal	= {Oxford Bulletin of Economics and Statistics},
  year		= {1984},
  volume	= {46},
  pages		= {181--184},
  keywords	= {heteroskedasticity, covariance estimation}
}

@Article{Z:Pierce+Schafer:1986,
  author	= {Donald A. Pierce and Daniel W. Schafer},
  title		= {Residuals in Generalized Linear Models},
  index		= {Z0036},
  journal	= {Journal of the American Statistical Association},
  year		= {1986},
  volume	= {81},
  pages		= {977--986},
  keywords	= {residuals, generalized linear model}
}

@Article{Z:Dunn+Smyth:1996,
  author	= {Peter K. Dunn and Gordon K. Smyth},
  title		= {Randomized Quantile Residuals},
  journal	= {Journal of Computational and Graphical Statistics},
  year		= {1996},
  volume	= {5},
  pages		= {236-244},
  index		= {Z0055},
  keywords	= {residuals, generalized linear model}
}

@Book{Z:McCullagh+Nelder:1989,
  author        = {P. McCullagh and J. A. Nelder},
  title         = {Generalized Linear Models},
  publisher     = {Chapman \& Hall},
  edition       = {2nd},
  address       = {London},
  year          = {1989}
}

@Book{Z:Dobson:1990,
  author        = {Annette J. Dobson},
  title         = {An Introduction to Generalized Linear Models},
  publisher     = {Chapman \& Hall},
  address       = {London},
  year          = {1990}
}

@Article{Z:Duembgen:1991,
  author 	= {Lutz D\"umbgen},
  title 	= {The Asymptotic Behavior of Some Nonparametric Change-Point
         	   Estimators},
  year 		= {1991},
  pages 	= {1471--1495},
  journal 	= {Annals of Statistics},
  volume 	= {19}
}

@Book{Z:Sachs:1997,
  author        = {L. Sachs},
  title         = {Angewandte Statistik},
  publisher     = {Springer},
  address       = {Berlin},
  year          = {1997}
}

@Book{Z:Grenander+Rosenblatt:1957,
  author        = {Ulf Grenander and Murray Rosenblatt},
  title         = {Statistical Analysis of Stationary Time Series},
  publisher     = {Wiley},
  address       = {New York},
  year          = {1957}
}

@PhdThesis{Z:Kraemer:1984,
  author       = {Walter Kr\"amer},
  title	       = {{Trend in \"okonometrischen Modellen}},
  school       = {Institut f\"ur h\"ohere Studien, Wien},
  year	       = 1984,
}

@Misc{Z:R-Intro:2000,
  author        = {{R Development Core Team}},
  title         = {An Introduction to {R}},
  url           = {http://cran.R-project.org},
  year          = {2000},
  note          = {Manual}
}

@Article{Z:Cleveland+Cleveland+McRae:1990,
  author	= {R. B. Cleveland and W. S. Cleveland
  		   and J.E. McRae and I. Terpenning},
  title		= {{STL}: {A} Seasonal-Trend Decomposition Procedure Based on Loess},
  journal	= {Journal of Official Statistics},
  year		= {1990},
  volume	= {6},
  pages		= {3--73},
  keywords	= {time series, decomposition, robust}
}

@Article{Z:Wilkinson+Rogers:1973,
  author       = {G. N. Wilkinson and C. E. Rogers},
  title        = {Symbolic Description of Factorial Models for Analysis of
                  Variance},
  journal      = {Applied Statistics},
  volume       = {22},
  pages        = {392--399},
  year         = {1973}
}

@Book{Z:Becker+Chambers+Wilks:1988,
  author	= {Richard A. Becker and John M. Chambers and Allan
                   R. Wilks},
  title		= {The New {S} Language},
  publisher	= {Chapman \& Hall},
  year		= {1988},
  address	= {London},
  abstract	= {This book is often called the ``\emph{Blue Book}'',
                   and introduced what is now known as S version 2.}
}

@Book{Z:Chambers+Hastie:1992,
  author       = {John M. Chambers and Trevor J. Hastie},
  title        = {Statistical Models in \textsf{S}},
  publisher    = {Chapman \& Hall},
  year         = 1992,
  address      = {London},
  abstract     = {This is also called the ``\emph{White Book}'', and
                  introduced S version 3, which added structures to
                  facilitate statistical modeling in S. },
}

@Book{Z:Chambers:1998,
  author	= {John M. Chambers},
  title		= {Programming with Data},
  publisher	= {Springer},
  year		= 1998,
  address	= {New York},
  note		= {{ISBN 0-387-98503-4}},
  url		= {http://cm.bell-labs.com/cm/ms/departments/sia/Sbook/},
  abstract	= {This ``\emph{Green Book}'' describes version 4 of S, a
                   major revision of S designed by John Chambers to
                   improve its usefulness at every stage of the
                   programming process.}
}

@Book{Z:Cleveland:1993,
  author       = {William S. Cleveland},
  title        = {Visualizing Data},
  publisher    = {Hobart Press},
  year         = 1993,
  address      = {Summit, New Jersey},
}

@Article{Z:Breiman:2001,
  author       = {Leo Breiman},
  title        = {Statistical Modeling: {T}he Two Cultures},
  journal      = {Statistical Science},
  volume       = {16},
  pages        = {199--231},
  index        = {Z0070},
  year         = {2001}
}

@Article{Z:Hornik+Stinchcombe+White:1989,
  author	= {Kurt Hornik and Maxwell Stinchcombe and Halbert White},
  title		= {Multilayer Feedforward Networks are Universal
  		   Approximators},
  journal	= {Neural Networks},
  volume	= {2},
  year		= {1989},
  index		= {Z0083},
  pages		= {359--366},
  notes		= {neural networks}
}

@TechReport{Z:Lorai+Sempos+Vuong:1999,
  author	= {Catherine M. Loria and Christopher T. Sempos and Cuong Vuong},
  title		= {Plan and Operation of the {NHANES II} Mortality Study, 1992},
  institution	= {National Center for Health Statistics},
  type		= {Vital and Health Statistics, Series I},
  year		= {1999},
  month		= {June},
  number	= {38},
  index		= {Z0119}
}




%%%%%%%%%%%%%%%%%%%%%
%%% dissertation %%%%
%%%%%%%%%%%%%%%%%%%%%

@Article{Z:Tukey:1962,
  author	= {John W. Tukey},
  title		= {The Future of Data Analysis},
  journal	= {Annals of Mathematical Statistics},
  volume	= {33},
  year		= {1962},
  index		= {Z0071},
  pages		= {1--67}
}

@Article{Z:Stefanski+Boos:2002,
  author	= {Leonard A. Stefanski and Dennis D. Boos},
  title		= {The Calculus of {M}-Estimation},
  journal	= {American Statistician},
  volume	= {56},
  year		= {2002},
  pages		= {29--38},
  index		= {Z0096},
  notes		= {robust statistics, parameter estimation}
}

@Book{Z:White:1994,
  author        = {Halbert White},
  title         = {Estimation, Inference and Specification Analysis},
  publisher     = {Cambridge University Press},
  year          = {1994},
  notes		= {quasi-likelihood, parameter estimation, misspecification}
}

@Article{Z:Dunlop:1994,
  author	= {Dorothy Dunlop},
  title		= {Regression for Longitudinal Data: A Bridge from Least
  		   Squares Regression},
  journal	= {American Statistician},
  volume	= {48},
  year		= {1994},
  pages		= {299--303},
  index		= {Z0097},
  notes		= {regression, OLS, WLS, GLM, GEE}
}

@Article{Z:Bera+Bilias:2002,
  author	= {Anil K. Bera and Yannis Bilias},
  title		= {The {MM}, {ME}, {ML}, {EL}, {EF} and {GMM} Approaches to
  		   Estimation: {A} Synthesis},
  year		= {2002},
  pages		= {51--86},
  journal	= {Journal of Econometrics},
  volume	= {107},
  index		= {Z0095},
  notes		= {parameter estimation, GMM, estimating equations, ML}
}

@Article{Z:Liang+Zeger:1986,
  author	= {Kung-Yee Liang and Scott L. Zeger},
  title		= {Longitudinal Data Analysis Using Generalized Linear Models},
  year		= {1986},
  pages		= {13--22},
  journal	= {Biometrika},
  volume	= {73},
  index		= {Z0098},
  notes		= {generalized estimating equations, GEE, longitudinal data}
}

@Article{Z:Hampel:1974,
  author	= {Frank R. Hampel},
  title		= {The Influence Curve and Its Role In Robust Estimation},
  year		= {1974},
  pages		= {383--393},
  journal	= {Journal of the American Statistical Association},
  volume	= {69},
  index		= {Z0094},
  notes		= {robust statistics, parameter estimation}
}

@Article{Z:Huber:1964,
  author	= {Peter J. Huber},
  title		= {Robust Estimation of a Location Parameter},
  year		= {1964},
  pages		= {73--101},
  journal	= {Annals of Mathematical Statistics},
  volume	= {35},
  notes		= {robust statistics, parameter estimation}
}

@Article{Z:Huber:1972,
  author	= {Peter J. Huber},
  title		= {Robust Statistics: A Review},
  year		= {1972},
  pages		= {1041--1067},
  journal	= {Annals of Mathematical Statistics},
  volume	= {43},
  index		= {Z0093},
  notes		= {robust statistics, parameter estimation}
}

@Article{Z:Hansen:1982,
  author	= {Lars Hansen},
  title		= {Large Sample Properties of Generalized Method of Moments Estimators},
  year		= {1982},
  pages		= {1029--1054},
  journal	= {Econometrica},
  volume	= {50},
  notes		= {regression, parameter estimation, GMM}
}

@Article{Z:Sargan:1958,
  author	= {J. D. Sargan},
  title		= {The Estimation of Economic Relationships Using Instrumental Variables},
  year		= {1958},
  pages		= {393--415},
  journal	= {Econometrica},
  volume	= {26},
  notes		= {regression, parameter estimation, instrumental variables}
}

@Article{Z:Godambe:1960,
  author	= {V. P. Godambe},
  title		= {An Optimum Property of Regular Maximum Likelihood Estimation},
  year		= {1960},
  pages		= {1208--1211},
  journal	= {Annals of Mathematical Statistics},
  volume	= {31},
  index		= {Z0092},
  notes		= {estimating equations, parameter estimation}
}

@Article{Z:Godambe:1985,
  author	= {V. P. Godambe},
  title		= {The Foundations of Finite-Sample Inference in Stochastic Processes},
  year		= {1985},
  pages		= {419--428},
  journal	= {Biometrika},
  volume	= {48},
  notes		= {estimating equations, parameter estimation}
}

@Article{Z:Crowder:1980,
  author	= {Martin J. Crowder},
  title		= {On the Asymptotic Properties of Least-Squares Estimators in Autoregression},
  journal	= {The Annals of Statistics},
  year		= {1980},
  volume	= {8},
  number	= {1},
  pages		= {132--146},
  index		= {Z0130}
}

@Article{Z:MacKinnon+White:1985,
  author	= {James G. MacKinnon and Halbert White},
  title		= {Some heteroskedasticity-consistent covariance matrix
                   estimators with improved finite sample properties},
  index		= {Z0034},
  journal	= {Journal of Econometrics},
  year		= {1985},
  volume	= {29},
  pages		= {305--325},
  keywords	= {heteroskedasticity, covariance estimation}
}

@Article{Z:Newey+West:1987,
  author	= {Whitney K. Newey and Kenneth D. West},
  title		= {A Simple, Positive-Definite, Heteroskedasticity and
  		   Autocorrelation Consistent Covariance Matrix},
  year		= {1987},
  pages		= {703--708},
  journal	= {Econometrica},
  volume	= {55},
  index		= {Z108},
  notes		= {heteroskedasticity, covariance matrix, estimation, HAC}
}

@Article{Z:Andrews:1991,
  author	= {Donald W. K. Andrews},
  title		= {Heteroskedasticity and Autocorrelation Consistent Covariance
  		   Matrix Estimation},
  year		= {1991},
  pages		= {817--858},
  journal	= {Econometrica},
  volume	= {59},
  index		= {Z0131},
  notes		= {heteroskedasticity, covariance matrix, estimation, HAC}
}

@Article{Z:Andrews+Monahan:1992,
  author	= {Donald W. K. Andrews and J. Christopher Monahan},
  title		= {An Improved Heteroskedasticity and Autocorrelation Consistent Covariance
  		   Matrix Estimator},
  year		= {1992},
  pages		= {953--966},
  journal	= {Econometrica},
  volume	= {60},
  number	= {4},
  index		= {Z0132},
  notes		= {heteroskedasticity, covariance matrix, estimation, HAC}
}

@Article{Z:Hansen:1992a,
  author	= {Bruce E. Hansen},
  title		= {Consistent Covariance Matrix Estimation for Dependent
  		   Heterogeneous Processes},
  year		= {1992},
  pages		= {967--972},
  journal	= {Econometrica},
  volume	= {60},
  index		= {Z0133},
  notes		= {heteroskedasticity, covariance matrix, estimation, HAC}
}


@Article{Z:Lumley+Heagerty:1999,
  author	= {Thomas Lumley and Patrick Heagerty},
  title		= {Weighted Empirical Adaptive Variance Estimators for
  		   Correlated Data Regression},
  year		= {1999},
  pages		= {459--477},
  journal	= {Journal of the Royal Statistical Society B},
  volume	= {61},
  index		= {Z0107},
  notes		= {heteroskedasticity, covariance matrix, estimation, HAC}
}

@InProceedings{Z:Benjamin+Rigby+Stasinopoulos:1998,
  author	= {Michael A. Benjamin and Robert A. Rigby and Mikis D. Stasinopoulos},
  title		= {Modelling Exponential Family Time Series Data},
  booktitle	= {Statistical Modelling: Proceedings of the 13th International Workshop on Statistical Modelling},
  editor	= {B. Marx and H. Friedl},
  address	= {New Orleans},
  year		= {1998},
  index		= {Z0099},
  notes		= {see also GARMA in JASA 2003}
}



%%%%%%%%%%%%%%%%%
%%% software %%%%
%%%%%%%%%%%%%%%%%

@Article{Z:Ihaka+Gentleman:1996,
  author	= {Ross Ihaka and Robert Gentleman},
  title		= {\textsf{R}: A Language for Data Analysis and Graphics},
  journal	= {Journal of Computational and Graphical Statistics},
  year		= {1996},
  volume	= {5},
  number	= {3},
  pages		= {299--314}
}

@Article{Z:Cribari-Neto+Zarkos:1999,
  author       = {Francisco Cribari-Neto and Spyros G. Zarkos},
  title	       = {\textsf{R}: Yet Another Econometric Programming
                  Environment},
  journal      = {Journal of Applied Econometrics},
  year	       = 1999,
  volume       = 14,
  pages	       = {319-329},
  index        = {Z0080},
  url	       = {http://www.interscience.wiley.com/jpages/0883-7252/},
  pdf	       = {http://www.R-project.org/nocvs/papers/Cribari-Neto+Zarkos:1999.pdf},
}

@Article{Z:Racine+Hyndman:2002,
  author = {Jeff Racine and Rob Hyndman},
  title = {Using \textsf{R} To Teach Econometrics},
  journal = {Journal of Applied Econometrics},
  year = {2002},
  volume = {17},
  index = {Z0081},
  pages = {175--189}
}

@Article{Z:Heiberger+Teles:2002,
  author       = {Richard M. Heiberger and Paulo Teles},
  title	       = {Displays for Direct Comparison of {ARIMA} Models},
  journal      = {The American Statistician},
  year	       = 2002,
  volume       = 56,
  pages	       = {131-138},
  index        = {Z0082},
  keywords     = {software, S, S-PLUS, Trellis}
}

@Proceedings{Z:Hornik+Leisch:2002,
  title	       = {\textsf{R} News},
  year	       = 2002,
  editor       = {Kurt Hornik and Friedrich Leisch},
  address      = {\url{http://CRAN.R-project.org/doc/Rnews/}},
  note	       = {{ISSN 1609-3631}}
}

@InProceedings{Z:Leisch:2002,
  author	= {Friedrich Leisch},
  title		= {Sweave: Dynamic Generation of Statistical Reports Using
		   Literate Data Analysis},
  booktitle	= {Compstat 2002 --- Proceedings in Computational
		   Statistics},
  pages		= {575--580},
  year		= {2002},
  editor	= {Wolfgang H{\"a}rdle and Bernd R{\"o}nz},
  publisher	= {Physika Verlag, Heidelberg, Germany},
  note		= {{ISBN 3-7908-1517-9}},
  url		 = {http://www.ci.tuwien.ac.at/~leisch/Sweave/}
}



%%%%%%%%%%%%%%%%%%%%%
%%% anthropology %%%%
%%%%%%%%%%%%%%%%%%%%%

@Book{Z:Siegel+Tomaschek:1870,
  author        = {H. Siegel and K. Tomaschek},
  title         = {Die Salzburger Taidinge},
  publisher     = {Kaiserliche Akademie der Wissenschaften},
  address       = {Wien},
  year          = {1870}
}

@Book{Z:Hunt:1999,
  author        = {A. Hunt},
  title         = {Governing Morals. {A} Social History of Moral Regulation},
  publisher     = {Cambridge University Press},
  address       = {Cambridge},
  year          = {1999}
}

@Misc{Z:SLA,
  author	= {{Salzburger Landesarchiv}},
  howpublished  = {Geheimes Archiv Generale 35 1 / 2},
  key		= "SLA"
}

@Article{Z:Scott+Duncan:1997,
  author	= {S. Scott and C. J. Duncan},
  title		= {Interacting Factors Affecting Illegitimacy in Preindustrial
  		   Northern England},
  journal	= {Journal of Biosocial Sciences},
  year		= {1997},
  volume	= {29},
  pages		= {151--169}
}

@Book{Z:Mitterauer:1983,
  author        = {M. Mitterauer},
  title         = {Ledige {M}\"utter. {Z}ur {G}eschichte unehelicher {G}eburten in {E}uropa},
  publisher     = {Beck},
  address       = {M\"unchen},
  year          = {1983}
}

@Article{Z:Low:1989,
  author	= {B. S. Low},
  title		= {Occupational Status and Reproductive Behaviour in Nineteenth
  		   Century Sweden. Locknevi Parish},
  journal	= {Social Biology},
  year		= {1989},
  volume	= {36},
  pages		= {82--101}
}

@InCollection{Z:Becker:1990,
  author	= {Peter Becker},
  title		= {Leben und {L}ieben in einem kalten {L}and.
  		   {S}exualit\"at im {S}pannungsfeld von {\"O}konomie und {D}emographie.
		   {D}as {B}eispiel {S}t. {L}ambrecht 1600--1850},
  booktitle	= {Studien zur Historischen Sozialwissenschaft Band 15},
  year		= {1990},
  publisher	= {Campus},
  address	= {Frankfurt/New York}
}


%%%%%%%%%%%%%%%
%%% lmtest %%%%
%%%%%%%%%%%%%%%

@Book{Z:Kraemer+Sonnberger:1986,
  author        = {W. Kr\"amer and H. Sonnberger},
  title         = {The Linear Regression Model Under Test},
  publisher     = {Physica-Verlag},
  address       = {Heidelberg},
  year          = {1986}
}

@Article{Z:Kraemer+Sonnberger+Maurer:1985,
  author	= {Walter Kr{\"a}mer and Harald Sonnberger and Johann Maurer
  		   and Peter Havlik},
  title		= {Diagnostic Checking in Practice},
  journal	= {Review of Economics and Statistics},
  year		= {1985},
  volume	= {47},
  index		= {Z0073},
  pages		= {118--123}
}

@Article{Z:Durbin+Watson:1950,
  author	= {J. Durbin and G. S. Watson},
  title		= {Testing for Serial Correlation in Least Squares
  		   Regression I},
  journal	= {Biometrika},
  year		= {1950},
  volume	= {37},
  pages		= {409--428}
}

@Article{Z:Durbin+Watson:1951,
  author	= {J. Durbin and G. S. Watson},
  title		= {Testing for Serial Correlation in Least Squares
  		   Regression II},
  journal	= {Biometrika},
  year		= {1951},
  volume	= {38},
  pages		= {159--178}
}

@Article{Z:Durbin+Watson:1971,
  author	= {J. Durbin and G. S. Watson},
  title		= {Testing for Serial Correlation in Least Squares
  		   Regression III},
  journal	= {Biometrika},
  year		= {1971},
  volume	= {58},
  pages		= {1--19}
}

@Article{Z:Farebrother:1980,
  author	= {R. W. Farebrother},
  title		= {Pan's Procedure for the Tail Probabilities of the
  		   Durbin-Watson Statistic},
  journal	= {Applied Statistics},
  year		= {1980},
  volume	= {29},
  pages		= {224--227}
}

@Article{Z:Farebrother:1984,
  author	= {R. W. Farebrother},
  title		= {The Distribution of a Linear Combination of $chi^2$ Random
		   Variables},
  journal	= {Applied Statistics},
  year		= {1984},
  volume	= {33},
  pages		= {366--369}
}

@Article{Z:Farebrother:1994,
  author	= {R. W. Farebrother},
  title		= {A Critique of Recent Methods for Computing the Distribution
  		   of the Durbin-Watson and Other Invariant Test Statistics},
  journal	= {Statistical Papers},
  year		= {1994},
  volume	= {35},
  pages		= {365--369},
  index		= {Z0117}
}

@Article{Z:Godfrey:1978,
  author	= {L. G. Godfrey},
  title		= {Testing Against General Autoregressive and Moving Average
  		   Error Models when the Regressors Include Lagged Dependent
		   Variables},
  journal	= {Econometrica},
  year		= {1978},
  volume	= {46},
  pages		= {1293--1302}
}

@Article{Z:Breusch:1979,
  author	= {T. S. Breusch},
  title		= {Testing for Autocorrelation in Dynamic Linear Models},
  journal	= {Australian Economic Papers},
  year		= {1979},
  volume	= {17},
  pages		= {334--355}
}

@Article{Z:Breusch+Pagan:1979,
  author	= {T. S. Breusch and A. R. Pagan},
  title		= {A Simple Test for Heteroscedasticity and Random
  		   Coefficient Variation},
  journal	= {Econometrica},
  year		= {1979},
  volume	= {47},
  pages		= {1287--1294}
}

@Article{Z:Goldfeld+Quandt:1965,
  author	= {S. M. Goldfeld and R. E. Quandt},
  title		= {Some Tests for Homoskedasticity},
  journal	= {Journal of the American Statistical Association},
  year		= {1965},
  volume	= {60},
  pages		= {539--547}
}

@Article{Z:Harrison+McCabe:1979,
  author	= {M. J. Harrison and B. P. M. {McCabe}},
  title		= {A Test for Heteroscedasticity Based on Ordinary Least Squares Residuals},
  journal	= {Journal of the American Statistical Association},
  year		= {1979},
  volume	= {74},
  pages		= {494--499}
}

@Article{Z:Harvey+Collier:1977,
  author	= {A. Harvey and P. Collier},
  title		= {Testing for Functional Misspecification in Regression Analysis},
  journal	= {Journal of Econometrics},
  year		= {1977},
  volume	= {6},
  pages		= {103--119}
}

@Article{Z:Utts:1982,
  author	= {J. M. Utts},
  title		= {The Rainbow Test for Lack of Fit in Regression},
  journal	= {Communications in Statistics - Theory and Methods},
  year		= {1982},
  volume	= {11},
  pages		= {1801--1815}
}

@Article{Z:Ramsey:1969,
  author	= {J. B. Ramsey},
  title		= {Tests for Specification Error in Classical Linear Least
  		   Squares Regression Analysis},
  journal	= {Journal of the Royal Statistical Society B},
  year		= {1969},
  volume	= {31},
  pages		= {350--371}
}

@Article{Z:Royston+Altman:1994,
  author	= {Patrick Royston and Douglas G. Altman},
  title		= {Regression Using Fractional Polynomials of Continuous Covariates:
		   {P}arsimonious Parametric Modelling},
  journal	= {Applied Statistics},
  year		= {1994},
  volume	= {43},
  pages		= {429--453},
  keywords	= {Cox regression, Logistic regression}
}

@Article{Z:Sochett+Danemann+Clarson:1987,
  author	= {E.B. Sochett and D. Danemann and C. Clarson and R.M. Ehrich},
  title		= {Factors Affecting and Patterns of Residual Insulin Secretion
		   During the First Year of Type {I} (Insulin Dependent) Diabetes
		   Mellitus in Children},
  journal	= {Diabetology},
  year		= {1987},
  volume	= {30},
  pages		= {453--459}
}

@Book{Z:Hastie+Tibshirani:1990,
   author    = {Trevor Hastie and Robert Tibshirani},
   title     = {Generalized Additive Models},
   year      = {1990},
   publisher = {Chapman and Hall},
   address   = {London, UK}
}

@Article{Z:Chitty+Altman+Henderson:1994,
  author	= {L. S. Chitty and D. G. Altman and A. Henderson and S. Campbell},
  title		= {Charts of Fetal Size: 3, Abdominal Measurements},
  journal	= {British Journal of Obstetrics and Gynaecology},
  year		= {1994},
  volume	= {101},
  pages		= {125--131}
}


@Article{Z:Chitty+Campbell+Altman:1993,
  author        = {L. S. Chitty and S. Campbell and D. G. Altman},
  title         = {Measurement of the fetal mandible -- feasibility and
	   	   construction of a centile chart.},
  journal       = {Prenatal Diagnosis},
  year          = {1993},
  volume        = {13},
  pages         = {749-756}
}

%%%%%%%%%
%% vcd %%
%%%%%%%%%

@Article{Z:Cohen:1980,
  author = 	 {A. Cohen},
  title = 	 {On the Graphical Display of the Significant
  		  Components in a Two-Way Contingency Table},
  journal = 	 {Communications in Statistics---Theory and Methods},
  year = 	 {1980},
  volume =	 {A9},
  pages =	 {1025--1041}
}

@Article{Z:Friendly:1994,
  author = 	 {Michael Friendly},
  title = 	 {Mosaic Displays for Multi-Way Contingency Tables},
  journal = 	 {Journal of the American Statistical Association},
  year = 	 {1994},
  volume =	 {89},
  pages =	 {190--200}
}

@Article{Z:Friendly:1999,
  author = 	 {Michael Friendly},
  title = 	 {Extending Mosaic Displays: Marginal, Conditional, and
  		  Partial Views of Categorical Data},
  journal = 	 {Journal of Computational and Graphical Statistics},
  year = 	 {1999},
  volume =	 {8},
  number =	 {3},
  pages =	 {373--395},
  index =	 {Z0084}
}

@Book{Z:Friendly:2000,
  author =	 {Michael Friendly},
  title = 	 {Visualizing Categorical Data},
  publisher = 	 {SAS Insitute},
  year = 	 {2000},
  address =	 {Carey, NC}
}

@Article{Z:Theus+Lauer:1999,
  author = 	 {Martin Theus and Stephan R. W. Lauer},
  title = 	 {Visualizing Loglinear Models},
  journal = 	 {Journal of Computational and Graphical Statistics},
  year = 	 {1999},
  volume =	 {8},
  number =	 {3},
  pages =	 {396--412},
  index =	 {Z0085}
}

@InProceedings{Z:Ihaka:2003,
  author	= {Ross Ihaka},
  title		= {Colour for Presentation Graphics},
  booktitle	= {Proceedings of the 3rd International Workshop on Distributed
  		   Statistical Computing, March 20-22, 2003, Technische
		   Universit\"at Wien, Vienna, Austria},
  editor	= {Kurt Hornik and Friedrich Leisch and Achim Zeileis},
  year		= {2003},
  url		= {http://www.ci.tuwien.ac.at/Conferences/DSC-2003/Proceedings/},
  note		= {{ISSN 1609-395X}},
  index 	= {Z0086}
}

@TechReport{Z:Knorr-Held:1999,
  author	= {Leonhard Knorr-Held},
  title		= {Dynamic Rating of Sports Teams},
  institution	= {SFB 386 ``Statistical Analysis of Discrete Structures''},
  year		= {1999},
  type		= {Discussion Paper},
  number	= {98},
  url		= {http://www.stat.uni-muenchen.de/sfb386/}
}

@Book{Z:Mazanec+Strasser:2000,
  author =	 {Josef A. Mazanec and Helmut Strasser},
  title = 	 {A Nonparametric Approach to Perceptions-Based
  		  Market Segmentation: Foundations},
  publisher = 	 {Springer},
  year = 	 {2000},
  address =	 {Berlin}
}

@Article{Z:Noack:1950,
  author	= {Albert Noack},
  title		= {A Class of Random Variables With Discrete Distributions},
  journal	= {Annals of Mathematical Statistics},
  year		= {1950},
  volume	= {21},
  pages		= {127--132},
  index		= {Z0087}
}

@Article{Z:Ord:1967,
  author	= {J. K. Ord},
  title		= {Graphical Methods for a Class of Discrete Distributions},
  journal	= {Journal of the Royal Statistical Society A},
  year		= {1967},
  volume	= {130},
  pages		= {232--238},
  index		= {Z0088}
}

@Article{Z:Hofmann:2003,
  author	= {Heike Hofmann},
  title		= {Constructing and Reading Mosaicplots},
  journal	= {Computational Statistics \& Data Analysis},
  note		= {forthcoming},
  index		= {Z0089}
}

@InProceedings{Z:Hofmann+Siebes+Wilhelm:2000,
  author	= {Heike Hofmann and Arno P. J. M. Siebes and Adalbert F. X. Wilhelm},
  title		= {Visualizing Association Rules With Interactive Mosaic Plots},
  booktitle	= {Proceedings of the 6th ACM SIGKDD International Conference on
  		   Knowledge Discovery and Data Mining},
  year		= {2000},
  pages		= {227--235},
  index		= {Z0090}
}

@InProceedings{Z:Agrawal+Imielinski+Swami:1993,
  author	= {Rakesh Agrawal and Tomasz Imielinski and Arun Swami},
  title		= {Mining Association Rules Between Sets of Items in Large Databases},
  booktitle	= {Proceedings of the ACM-SIGMOD International Conference on
  		   Management of Data},
  year		= {1993},
  pages		= {207--216},
  index		= {Z0091}
}


