%% Refereed Publications

@Article{Zo:Zeileis:2002,
  author	= {Achim Zeileis},
  title		= {Alternative Boundaries for {CUSUM} Tests},
  year		= {2002},
  journal	= {Statistical Papers},
  keywords	= {CUSUM, structural change, strucchange},
  note		= {forthcoming}
}

@Article{Zo:Rauner+Zeileis+Schaffhauser-Linzatti:2002,
  author	= {Marion S. Rauner and Achim Zeileis and Michaela-Maria
  		   Schaffhauser-Linzatti and Kurt Hornik},
  title		= {Modelling the Effects of the Austrian Inpatient
  		   Reimbursment System on Length-of-Stay Distributions},
  journal	= {OR Spectrum},
  year		= {2002},
  note		= {forthcoming}
}

@Article{Zo:Zeileis+Hothorn:2002,
  author       = {Achim Zeileis and Torsten Hothorn},
  title        = {Diagnostic Checking in Regression Relationships},
  journal      = {R News},
  year         = 2002,
  volume       = 2,
  number       = 3,
  pages        = {forthcoming},
  month        = {November},
  url          = {http://cran.R-project.org/doc/Rnews/},
}

@InCollection{Zo:Zeileis+Veichtlbauer:2002,
  author	= {Achim Zeileis and Ortrun Veichtlbauer},
  title		= {Policy Interventions Affecting Illegitimacy in Preindustrial
  		   Austria: {A} Structural Change Analysis},
  booktitle	= {{Festschrift 50 Jahre {\"O}sterreichische Statistische
   	  	   Gesellschaft}},
  year		= {2002},
  pages		= {133--146},
  publisher	= {{\"O}sterreichische Statistische Gesellschaft},
  editor	= {Rudolf Dutter},
  url		= {http://www.statistik.tuwien.ac.at/oezstat/},
  note		= {ISSN 1026-597X}
}

@Article{Zo:Zeileis+Leisch+Hornik:2002,
  author	= {Achim Zeileis and Friedrich Leisch and Kurt Hornik and
                   Christian Kleiber},
  title		= {\texttt{strucchange}: {A}n \textsf{R} Package for Testing
                   for Structural Change in Linear Regression Models},
  journal      = {Journal of Statistical Software},
  year         = 2002,
  volume       = 7,
  number       = 2,
  pages        = {1--38},
  keywords	= {structural change, strucchange, CUSUM, MOSUM
                   fluctuation test, Chow test, F test, monitoring,
                   moving estimate},
  url		= {http://www.jstatsoft.org/v07/i02/}
}

@Article{Zo:Zeileis:2001,
  author       = {Achim Zeileis},
  title        = {\texttt{strucchange}: {T}esting for Structural Change in
  		  Linear Regression Relationships},
  journal      = {R News},
  year         = 2001,
  volume       = 1,
  number       = 3,
  pages        = {8--11},
  month        = {September},
  url          = {http://cran.R-project.org/doc/Rnews/},
}

%% Technical Reports

@TechReport{Zo:Zeileis+Kleiber+Kraemer:2002,
  author	= {Achim Zeileis and Christian Kleiber and Walter Kr{\"a}mer and
                   Kurt Hornik},
  title		= {Testing and Dating of Structural Changes in Practice},
  institution	= {SFB ``Reduction of Complexity for Multivariate Data Structures''},
  year		= {2002},
  type		= {Report},
  number	= {39/02},
  month	        = {September},
  keywords	= {structural change, dating},
  url		= {http://www.statistik.uni-dortmund.de/sfb475/berichte/tr39-02.ps}
}

@TechReport{Zo:Zeileis+Leisch+Kleiber:2002,
  author	= {Achim Zeileis and Friedrich Leisch and Christian Kleiber and
                   Kurt Hornik},
  title		= {Monitoring Structural Change in Dynamic Econometric Models},
  institution	= {SFB ``Adaptive Information Systems and Modelling in
                  Economics and Management Science''},
  year		= {2002},
  type		= {Report},
  number	= {64},
  month	        = {March},
  keywords	= {structural change, strucchange, CUSUM, MOSUM
                   monitoring, recursive estimates, moving estimates},
  url		= {http://www.wu-wien.ac.at/am/reports.htm#64}
}

@TechReport{Zo:Zeileis:2000a,
  author	= {Achim Zeileis},
  title		= {{$p$} Values and Alternative Boundaries for {CUSUM} tests},
  institution	= {SFB ``Adaptive Information Systems and Modelling in
                  Economics and Management Science''},
  year		= {2000},
  type		= {Working Paper},
  number	= {78},
  month	        = {December},
  index		= {Z0011},
  keywords	= {CUSUM, structural change, strucchange},
  url		= {http://www.wu-wien.ac.at/am/wp00.htm#78}
}

%% Unpublished

@Unpublished{Zo:Veichtlbauer+Hanser+Zeileis:2002,
  author	= {Ortrun Veichtlbauer and Elke Hanser and Achim Zeileis
  		   and Friedrich Leisch},
  title		= {The Impact of Policy Interventions on a Pre-industrial
  		   Population System in the Austrian Alps},
  year		= {2002},
  note		= {forthcoming}
}

%% Talks

@Unpublished{Zo-talks:Zeileis+Leisch+Kleiber:2002,
  author      = {Achim Zeileis and Friedrich Leisch and Christian Kleiber
                 and Kurt Hornik},
  title       = {Monitoring Structural Change in Dynamic Econometric Models},
  note         = {Presented at {``\"Osterreichische Statistiktage 2002''}, Vienna, Austria},
  month        = {October 23--25},
  year         = 2002,
  presenter    = {Achim Zeileis}
}

@Unpublished{Zo-talks:Veichtlbauer+Hanser+Zeileis:2002,
  author      = {Ortrun Veichtlbauer and Elke Hanser and Achim Zeileis
                 and Friedrich Leisch and Harald Wilfing},
  title       = {The Impact of Policy Interventions on a Pre-Industrial
                 Population System in the Austrian Alps},
  note         = {Presented at ``13th Congress of the European
                  Anthropological Association'',
                  Zagreb, Croatia},
  month        = {August 30 -- September 3},
  year         = 2002,
  presenter    = {Ortrun Veichtlbauer}
}

@Unpublished{Zo-talks:Zeileis+Hornik:2002,
  author      = {Achim Zeileis and Kurt Hornik},
  title       = {Testing for Structural Change in GLMs --
                 Implementation in \textsf{R} and Application},
  note         = {Presented at ``Statistical Computing 2002'',
                  Schlo{\ss} Reisensburg, Germany},
  month        = {June 26},
  year         = 2002,
  presenter    = {Achim Zeileis}
}

@Unpublished{Zo-talks:Zeileis+Leisch+Hornik:2001,
  author      = {Achim Zeileis and Friedrich Leisch and Kurt Hornik
                 and Christian Kleiber},
  title       = {Testen auf {S}trukturbruch in linearen
                 {R}egressionsmodellen - {I}mplementierung in {R} und
                 {A}nwendung},
  note         = {Presented at ``Statistische Woche 2001'', Vienna, Austria},
  month        = {October 16--19},
  year         = 2001,
  presenter    = {Achim Zeileis}
}



%% Master's Thesis

@MastersThesis{Zo:Zeileis:2000,
  author       = {Achim Zeileis},
  title	       = {{$p$}-{W}erte und alternative {S}chranken von {CUSUM-Tests}},
  school       = {Fachbereich Statistik, Universit{\"a}t Dortmund},
  year	       = {2000},
  note	       = {In German},
  url          = {http://www.ci.tuwien.ac.at/~zeileis/papers/Zeileis:2000.pdf}
}


%% TechReport{Zo:Zeileis+Leisch+Hornik:2001,
%%   author	= {Achim Zeileis and Friedrich Leisch and Kurt Hornik and
%%                    Christian Kleiber},
%%   title		= {\texttt{strucchange}: {A}n \textsf{R} package for testing
%%                    for structural change in linear regression models},
%%   institution	= {SFB ``Adaptive Information Systems and Modelling in
%%                   Economics and Management Science''},
%%   year		= {2001},
%%   type		= {Report},
%%   number	= {55},
%%   month	        = {May},
%%   keywords	= {structural change, strucchange, CUSUM, MOSUM
%%                    fluctuation test, Chow test, F test, monitoring,
%%                    moving estimate},
%%   url		= {http://www.wu-wien.ac.at/am/reports.htm#55}
%% }

